@misc{SharePointDocs,
    author = "{Microsoft Co}",
    title = {SharePoint Documentation},
    note = {[Accessed: 26-April-2019]},
    howpublished = {[Online] Available: https://docs.microsoft.com/en-us/sharepoint/},
}

@misc{SharePoint,
    author = "{Microsoft Co}",
    title = {SharePoint},
    note = {[Accessed: 26-April-2019]},
    howpublished = {[Online] Available: https://products.office.com/en-us/sharepoint/collaboration},
}

@book{SharePointDevRef,
  title={Microsoft SharePoint 2013 Developer Reference},
  author={Pialorsi, Paolo},
  year={2013},
  publisher={Pearson Education}
}

@INPROCEEDINGS{RPWalkthrough, 
    author={G. {Salvaneschi} and A. {Margara} and G. {Tamburrelli}}, 
    booktitle={2015 IEEE/ACM 37th IEEE International Conference on Software Engineering}, 
    title={Reactive Programming: A Walkthrough}, 
    year={2015}, 
    volume={2}, 
    number={}, 
    pages={953-954}, 
    keywords={programming languages;software engineering;reactive programming;reactive software development;programming abstraction;programming language;Software engineering;Software;Programming profession;Computer languages;Observers;Graphical user interfaces}, 
    doi={10.1109/ICSE.2015.303}, 
    ISSN={0270-5257}, 
    month={May},
    note = {[Accessed: 26-April-2019]},
}

@ARTICLE{PositivEffectOfRP, 
    author={G. {Salvaneschi} and S. {Proksch} and S. {Amann} and S. {Nadi} and M. {Mezini}}, 
    journal={IEEE Transactions on Software Engineering}, 
    title={On the Positive Effect of Reactive Programming on Software Comprehension: An Empirical Study}, 
    year={2017}, 
    volume={43}, 
    number={12}, 
    pages={1125-1143}, 
    keywords={functional languages;object-oriented languages;object-oriented programming;object-oriented languages;software comprehension;functional languages;observer design pattern;program comprehension;reactive languages;reactive programming;Programming;Runtime;Software development;Robot sensing systems;Reactive programming;empirical study;controlled experiment;software comprehension}, 
    doi={10.1109/TSE.2017.2655524}, 
    ISSN={0098-5589}, 
    month={Dec},
}

@INPROCEEDINGS{DebuggingRP, 
author={G. {Salvaneschi} and M. {Mezini}}, 
booktitle={2016 IEEE/ACM 38th International Conference on Software Engineering (ICSE)}, 
title={Debugging for Reactive Programming}, 
year={2016}, 
volume={}, 
number={}, 
pages={796-807}, 
keywords={program debugging;programming environments;reactive programming;RP Debugging;Reactive Inspector;Eclipse Scala IDE;Debugging;Programming;Reactive power;Runtime;Observers;Libraries;Data models;Functional-reactive Programming;Debugging}, 
doi={10.1145/2884781.2884815}, 
ISSN={1558-1225}, 
month={May},}

@inproceedings{DebuggingRPWithRInspector,
  title={Debugging reactive programming with reactive inspector},
  author={Salvaneschi, Guido and Mezini, Mira},
  booktitle={2016 IEEE/ACM 38th International Conference on Software Engineering Companion (ICSE-C)},
  pages={728--730},
  year={2016},
  organization={IEEE}
}

@InProceedings{FrTime,
author="Cooper, Gregory H.
and Krishnamurthi, Shriram",
editor="Sestoft, Peter",
title="Embedding Dynamic Dataflow in a Call-by-Value Language",
booktitle="Programming Languages and Systems",
year="2006",
publisher="Springer Berlin Heidelberg",
address="Berlin, Heidelberg",
pages="294--308",
abstract="This paper describes FrTime, an extension of Scheme designed for writing interactive applications. Inspired by functional reactive programming, the language embeds dynamic dataflow within a call-by-value functional language. The essence of the embedding is to make program expressions evaluate to nodes in a dataflow graph. This strategy eases importation of legacy code and permits incremental program construction. We have integrated FrTime with the DrScheme programming environment and have used it to develop several novel applications. We describe FrTime's design and implementation in detail and present a formal semantics of its evaluation model.",
isbn="978-3-540-33096-7"
}

@inproceedings{Flapjax,
 author = {Meyerovich, Leo A. and Guha, Arjun and Baskin, Jacob and Cooper, Gregory H. and Greenberg, Michael and Bromfield, Aleks and Krishnamurthi, Shriram},
 title = {Flapjax: A Programming Language for Ajax Applications},
 booktitle = {Proceedings of the 24th ACM SIGPLAN Conference on Object Oriented Programming Systems Languages and Applications},
 series = {OOPSLA '09},
 year = {2009},
 isbn = {978-1-60558-766-0},
 location = {Orlando, Florida, USA},
 pages = {1--20},
 numpages = {20},
 url = {http://doi.acm.org/10.1145/1640089.1640091},
 doi = {10.1145/1640089.1640091},
 acmid = {1640091},
 publisher = {ACM},
 address = {New York, NY, USA},
 keywords = {functional reactive programming, javascript, web programming},
} 

@misc{Haskell,
    author="{haskell.org}",
    title={Haskell},
    note = {[Accessed: 26-April-2019]},
    howpublished = {[Online] Available: https://www.haskell.org/},
}

@techreport{DeprecatingOP,
  title={Deprecating the observer pattern},
  author={Maier, Ingo and Rompf, Tiark and Odersky, Martin},
  institution={EPFL},
  year={2010}
}

@book{ObserverDP, 
    title={Design Patterns: Entwurfsmuster als Elemente wiederverwendbarer objektorientierter Software},
    isbn={9783826697005}, 
    publisher={mitp},
    edition=1,
    author={Erich, Gamma and Helm, Richard and Johnson, Ralph and Vlissides, John}, 
    year={2015} 
}

@misc{ReactiveExtensions,
    author="{Microsoft Co}",
    title={Reactive Extensions},
    note = {[Accessed: 26-April-2019]},
    howpublished = {[Online] Available: https://github.com/dotnet/reactive},
}

@misc{ReactiveX,
    author="{Microsoft Co}",
    title={ReactiveX},
    note = {[Accessed: 26-April-2019]},
    howpublished = {[Online] Available: http://reactivex.io/},
}

@misc{ReactiveXIntro,
    author="{Microsoft Co}",
    title={ReactiveX: Intro},
    note = {[Accessed: 26-April-2019]},
    howpublished = {[Online] Available: http://reactivex.io/intro.html},
}

@book{RxAngular5Prj, title={Angular 5 Projects}, url={http://dx.doi.org/10.1007/978-1-4842-3279-8}, DOI={10.1007/978-1-4842-3279-8}, publisher={Apress}, author={Clow, Mark}, year={2018} }

@misc{RxObservables,
    author="{Microsoft Co}",
    title={ReactiveX: Observables},
    note = {[Accessed: 26-April-2019]},
    howpublished = {[Online] Available: http://reactivex.io/documentation/observable.html},
}

@misc{RxJS,
    author="{Microsoft Co}",
    title={RxJS: Reactive Extensions For JavaScript},
    note = {[Accessed: 26-April-2019]},
    howpublished = {[Online] Available: https://github.com/reactivex/rxjs},
}

@misc{Redux,
    author={D. {Abramov}}, 
    title = {Redux},
    note = {[Accessed: 26-April-2019]},
    howpublished = {[Online] Available: https://redux.js.org/},
}

@misc{Ngrx,
    author={Roberts, Brandon and Papa, John and Ryan, Mike and Wormald, Rob and Savkin, Victor and Bell, Ward},
    title = {NgRx},
    note = {[Accessed: 26-April-2019]},
    howpublished = {[Online] Available: https://ngrx.io/},
}

@misc{NgrxSelector,
    author={Roberts, Brandon and Papa, John and Ryan, Mike and Wormald, Rob and Savkin, Victor and Bell, Ward},
    title = {NgRx: Selectors},
    note = {[Accessed: 26-April-2019]},
    howpublished = {[Online] Available: https://ngrx.io/guide/store/selectors},
}

@misc{NgrxEffect,
    author={Roberts, Brandon and Papa, John and Ryan, Mike and Wormald, Rob and Savkin, Victor and Bell, Ward},
    title = {NgRx: Effects},
    note = {[Accessed: 26-April-2019]},
    howpublished = {[Online] Available: https://ngrx.io/guide/effects},
}

@misc{ReduxIntroMoti,
    author={D. {Abramov}}, 
    title = {Redux Introduction: Motivation},
    year = {2018},
    note = {[Accessed: 26-April-2019]},
    howpublished = {[Online] Available: https://github.com/reduxjs/redux/blob/master/docs/introduction/Motivation.md},
}

@misc{ReduxIntroCC,
    author={D. {Abramov}}, 
    title = {Redux Introduction: Core Concepts},
    year = {2019},
    note = {[Accessed: 26-April-2019]},
    howpublished = {[Online] Available: https://github.com/reduxjs/redux/blob/master/docs/introduction/CoreConcepts.md},
}

@misc{ReduxIntro3P,
    author={D. {Abramov}}, 
    title = {Redux Introduction: Three Principles},
    year = {2018},
    note = {[Accessed: 26-April-2019]},
    howpublished = {[Online] Available: https://github.com/reduxjs/redux/blob/master/docs/introduction/ThreePrinciples.md},
}

@book{RPwAngularNgrx, 
    title={Reactive Programming with Angular and ngrx}, url={http://dx.doi.org/10.1007/978-1-4842-2620-9},
    DOI={10.1007/978-1-4842-2620-9}, 
    publisher={Apress}, 
    author={Farhi, Oren}, 
    year={2017} 
}

@misc{Angular,
    author="{Google LLC}",
    title = {Angular},
    year = {2019},
    note = {[Accessed: 26-April-2019]},
    howpublished = {[Online] Available: https://angular.io/},
}

@misc{AngularJS,
    author="{Google LLC}",
    title = {AngularJS},
    year = {2018},
    note = {[Accessed: 26-April-2019]},
    howpublished = {[Online] Available: https://angularjs.org/},
}

@ARTICLE{YakovFainAngular, 
    author={M. {Farwell}}, 
    journal={IEEE Software}, 
    title={Yakov Fain on Angular}, 
    year={2017}, 
    volume={34}, 
    number={6}, 
    pages={109-112}, 
    keywords={Software engineering;Visualization;Programming;Navigation;Yakov Fain;Angular;web development frameworks;software engineering;software development;Software Engineering Radio.}, 
    doi={10.1109/MS.2017.4121218}, 
    ISSN={0740-7459}, 
    month={November},
    note = {[Accessed: 26-April-2019]},
}

@misc{TypeScript,
    author="{Microsoft Co}",
    title={TypeScript Language Specification},
    year={2019},
    note = {[Accessed: 26-April-2019]},
    howpublished = {[Online] Available: https://github.com/Microsoft/TypeScript/blob/master/doc/spec.md},
}

@misc{Npm,
    author="{npm Inc}",
    title = {npmjs},
    year = {2019},
    note = {[Accessed: 26-April-2019]},
    howpublished = {[Online] Available: https://www.npmjs.com/},
}

@InProceedings{Scrum,
    author="Schwaber, Ken",
    editor="Sutherland, Jeff
    and Casanave, Cory
    and Miller, Joaquin
    and Patel, Philip
    and Hollowell, Glenn",
    title="SCRUM Development Process",
    booktitle="Business Object Design and Implementation",
    year="1997",
    publisher="Springer London",
    address="London",
    pages="117--134",
    abstract="The stated, accepted philosophy for systems development is that the development process is a well understood approach that can be planned, estimated, and successfully completed. This has proven incorrect in practice. SCRUM assumes that the systems development process is an unpredictable, complicated process that can only be roughly described as an overall progression. SCRUM defines the systems development process as a loose set of activities that combines known, workable tools and techniques with the best that a development team can devise to build systems. Since these activities are loose, controls to manage the process and inherent risk are used. SCRUM is an enhancement of the commonly used iterative/incremental object-oriented development cycle.",
    isbn="978-1-4471-0947-1",
}

@misc{TFS,
    author="{Microsoft Co}",
    title = {Team Foundation Server},
    year = {2018},
    note = {[Accessed: 26-April-2019]},
    howpublished = {[Online] Available: https://visualstudio.microsoft.com/tfs/},
}

@misc{TFSPublishTestResults,
    author="{Microsoft Co}",
    title = {Team Foundation Server: Publish Test Results task},
    year = {2019},
    note = {[Accessed: 26-April-2019]},
    howpublished = {[Online] Available: https://docs.microsoft.com/en-us/azure/devops/pipelines/tasks/test/publish-test-results?view=tfs-2018\&tabs=yaml},
}

@misc{TFSPublishBuildArtifact,
    author="{Microsoft Co}",
    title = {Team Foundation Server: Publish Build Artifacts task},
    year = {2018},
    note = {[Accessed: 26-April-2019]},
    howpublished = {[Online] Available: https://docs.microsoft.com/en-us/azure/devops/pipelines/tasks/utility/publish-build-artifacts?view=tfs-2018},
}

@misc{TFSBuildPipeline,
    author="{Microsoft Co}",
    title = {Team Foundation Server: Create a build pipeline},
    year = {2019},
    note = {[Accessed: 26-April-2019]},
    howpublished = {[Online] Available: https://docs.microsoft.com/en-us/azure/devops/pipelines/create-first-pipeline?view=tfs-2018\&tabs=tfs-2018-2\#create-a-build-pipeline},
}

@misc{NpmTask,
    author="{Microsoft Co}",
    title = {Team Foundation Server 2018: npm task},
    year = {2017},
    note = {[Accessed: 26-April-2019]},
    howpublished = {[Online] Available: https://docs.microsoft.com/en-us/azure/devops/pipelines/tasks/package/npm?view=tfs-2018},
}

@misc{NpmTaskInstall,
    author="{Microsoft Co}",
    title = {Team Foundation Server 2018: Install npm packages},
    year = {2017},
    note = {[Accessed: 26-April-2019]},
    howpublished = {[Online] Available: https://docs.microsoft.com/en-us/azure/devops/pipelines/tasks/package/npm?view=tfs-2018\#install-npm-packages},
}

@misc{NpmTaskCustom,
    author="{Microsoft Co}",
    title = {Team Foundation Server 2018: Custom npm command},
    year = {2017},
    note = {[Accessed: 26-April-2019]},
    howpublished = {[Online] Available: https://docs.microsoft.com/en-us/azure/devops/pipelines/tasks/package/npm?view=tfs-2018\#custom-npm-command},
}

@misc{NpmInstall,
    author="{npm Inc}",
    title = {npmjs: npm-install},
    year = {2019},
    note = {[Accessed: 26-April-2019]},
    howpublished = {[Online] Available: https://docs.npmjs.com/cli/install},
}

@misc{AngularCliBuild,
    author="{Google LLC}",
    title = {Angular: ng build},
    year = {2019},
    note = {[Accessed: 26-April-2019]},
    howpublished = {[Online] Available: https://angular.io/cli/build},
}

@misc{AngularCliTest,
    author="{Google LLC}",
    title = {Angular: ng test},
    year = {2019},
    note = {[Accessed: 26-April-2019]},
    howpublished = {[Online] Available: https://angular.io/cli/test},
}

@misc{JUnit,
    author={Saff, David and Cooney, Kevin and Beck, Kent and Philipp, Marc and Brannen, Sam and Stein, Christian},
    title = {JUnit},
    year = {2019},
    note = {[Accessed: 26-April-2019]},
    howpublished = {[Online] Available: https://junit.org},
}

@misc{KarmaConfig,
    author={Jína, Vojta},
    title = {Karma: Configuration File},
    year = {2018},
    note = {[Accessed: 26-April-2019]},
    howpublished = {[Online] Available: http://karma-runner.github.io/3.0/config/configuration-file.html},
}

@misc{KarmaJUnitReporter,
    author={Jína, Vojta},
    title = {Karma jUnit Reporter},
    year = {2016},
    note = {[Accessed: 26-April-2019]},
    howpublished = {[Online] Available: https://github.com/karma-runner/karma-junit-reporter},
}

@misc{KarmaJUnitReporterConfig,
    author={Jína, Vojta},
    title = {Karma jUnit Reporter: Configuration},
    year = {2016},
    note = {[Accessed: 26-April-2019]},
    howpublished = {[Online] Available: https://github.com/karma-runner/karma-junit-reporter\#configuration},
}

@misc{HeadlessBrowser,
  title={Capturing the visual content of browser windows},
  author={Tsch{\"a}ni, Mirko and Haldimann, Luc},
  year={2011},
  month = {Oct},
  day = {13},
  publisher={Google Patents},
  note={US Patent App. 13/123,465}
}

@misc{Chrome,
    author="{Google LLC}",
    title = {Chrome},
    year = {2019},
    note = {[Accessed: 26-April-2019]},
    howpublished = {[Online] Available: https://www.google.com/chrome/},
}

@misc{Firefox,
    author="{Mozilla Co}",
    title = {Firefox},
    year = {2019},
    note = {[Accessed: 26-April-2019]},
    howpublished = {[Online] Available: https://www.google.com/chrome/},
}

@misc{PhantomJS,
    author={Hidayat, Ariya}, 
    title = {PhantomJS: Scriptable Headless Browser},
    year = {2018},
    note = {[Accessed: 26-April-2019]},
    howpublished = {[Online] Available: https://github.com/ariya/phantomjs},
}

@misc{Git,
    author={Torvalds, Linus}, 
    title = {Git},
    year = {2019},
    note = {[Accessed: 26-April-2019]},
    howpublished = {[Online] Available: https://github.com/git/git},
}

@misc{SPFeature,
    author="{Microsoft Co}",
    title = {SharePoint Development: Create SharePoint features},
    year = {2017},
    note = {[Accessed: 26-April-2019]},
    howpublished = {[Online] Available: https://docs.microsoft.com/en-us/visualstudio/sharepoint/creating-sharepoint-features?view=vs-2017},
}

@misc{SPFeatureEventReceiver,
    author="{Microsoft Co}",
    title = {SharePoint Development: Walkthrough: Add feature event receivers},
    year = {2017},
    note = {[Accessed: 26-April-2019]},
    howpublished = {[Online] Available: https://docs.microsoft.com/en-us/visualstudio/sharepoint/walkthrough-add-feature-event-receivers?view=vs-2017},
}

@misc{SPDocumentLibrary,
    author="{Microsoft Co}",
    title = {SharePoint Server: Plan document libraries in SharePoint Server},
    year = {2018},
    note = {[Accessed: 26-April-2019]},
    howpublished = {[Online] Available: https://docs.microsoft.com/en-us/sharepoint/governance/document-library-planning},
}

@misc{IE,
    author="{Microsoft Co}",
    title = {Internet Explorer},
    year = {2014},
    note = {[Accessed: 26-April-2019]},
    howpublished = {[Online] Available: https://support.microsoft.com/en-us/hub/4230784/internet-explorer-help},
}

@misc{AngularCli,
    author="{Google LLC}",
    title = {Angular CLI},
    year = {2018},
    note = {[Accessed: 26-April-2019]},
    howpublished = {[Online] Available: https://cli.angular.io/},
}

@misc{AngularCliNew,
    author="{Google LLC}",
    title = {Angular CLI: ng new},
    year = {2018},
    note = {[Accessed: 26-April-2019]},
    howpublished = {[Online] Available: https://angular.io/cli/new},
}

@misc{AngularGuard,
    author="{Google LLC}",
    title = {Angular API: CanActivate},
    year = {2018},
    note = {[Accessed: 26-April-2019]},
    howpublished = {[Online] Available: https://angular.io/api/router/CanActivate},
}

@misc{AngularAsyncPipe,
    author="{Google LLC}",
    title = {Angular API: CanActivate},
    year = {2018},
    note = {[Accessed: 26-April-2019]},
    howpublished = {[Online] Available: https://angular.io/api/common/AsyncPipe},
}

@misc{Pnpjs,
    author="{Microsoft Co}",
    title = {PnPjs},
    year = {2019},
    note = {[Accessed: 26-April-2019]},
    howpublished = {[Online] Available: https://github.com/pnp/pnpjs/},
}

@misc{PnpjsSp,
    author="{Microsoft Co}",
    title = {PnPjs: sp},
    year = {2018},
    note = {[Accessed: 26-April-2019]},
    howpublished = {[Online] Available: https://pnp.github.io/pnpjs/sp/docs/},
}

@misc{JSOM,
    author="{Microsoft Co}",
    title = {Connect to SharePoint using the JavaScript Object Model (JSOM)},
    year = {2018},
    note = {[Accessed: 26-April-2019]},
    howpublished = {[Online] Available: https://docs.microsoft.com/en-us/sharepoint/dev/spfx/web-parts/guidance/connect-to-sharepoint-using-jsom},
}

@misc{CSOM,
    author="{Microsoft Co}",
    title = {Using the Client Object Model},
    year = {2010},
    note = {[Accessed: 26-April-2019]},
    howpublished = {[Online] Available: https://docs.microsoft.com/en-us/previous-versions/msp-n-p/ff798388(v=pandp.10)},
}

@misc{SPRest,
    author="{Microsoft Co}",
    title = {Get to know the SharePoint REST service},
    year = {2018},
    note = {[Accessed: 26-April-2019]},
    howpublished = {[Online] Available: https://docs.microsoft.com/en-us/sharepoint/dev/sp-add-ins/get-to-know-the-sharepoint-rest-service},
}

@misc{SPWcf,
    author="{Microsoft Co}",
    title = {WCF Data Services Overview},
    year = {2017},
    note = {[Accessed: 26-April-2019]},
    howpublished = {[Online] Available: https://docs.microsoft.com/en-us/dotnet/framework/data/wcf/wcf-data-services-overview},
}

@misc{SpJavaScriptClassLibrary,
    author="{Microsoft Co}",
    title = {JavaScript Class Library},
    year = {2014},
    note = {[Accessed: 26-April-2019]},
    howpublished = {[Online] Available: https://docs.microsoft.com/en-us/previous-versions/office/developer/sharepoint-2010/ee538253(v\%3doffice.14)},
}

@misc{SpSod,
    author="{Microsoft Co}",
    title = {WCF Data Services Overview},
    year = {2017},
    note = {[Accessed: 26-April-2019]},
    howpublished = {[Online] Available: https://docs.microsoft.com/en-us/previous-versions/office/developer/sharepoint-2010/ff410742(v\%3Doffice.14)},
}

@misc{Sass,
    author={Catlin, Hampton and Weizenbaum, Natalie and Eppstein, Chris and Anne, Jina},
    title = {Sass},
    year = {2018},
    note = {[Accessed: 26-April-2019]},
    howpublished = {[Online] Available: https://sass-lang.com/},
}

@misc{SassVariables,
    author={Catlin, Hampton and Weizenbaum, Natalie and Eppstein, Chris and Anne, Jina},
    title = {Sass: Variables},
    year = {2018},
    note = {[Accessed: 26-April-2019]},
    howpublished = {[Online] Available: https://sass-lang.com/documentation/variables},
}

@misc{SassMixin,
    author={Catlin, Hampton and Weizenbaum, Natalie and Eppstein, Chris and Anne, Jina},
    title = {Sass: @mixin and @include},
    year = {2018},
    note = {[Accessed: 26-April-2019]},
    howpublished = {[Online] Available: https://sass-lang.com/documentation/at-rules/mixin},
}

@misc{SassPartial,
    author={Catlin, Hampton and Weizenbaum, Natalie and Eppstein, Chris and Anne, Jina},
    title = {Sass: @import},
    year = {2018},
    note = {[Accessed: 26-April-2019]},
    howpublished = {[Online] Available: https://sass-lang.com/documentation/at-rules/import\#partials},
}

@misc{SassNesting,
    author={Catlin, Hampton and Weizenbaum, Natalie and Eppstein, Chris and Anne, Jina},
    title = {Sass: Style Rules},
    year = {2018},
    note = {[Accessed: 26-April-2019]},
    howpublished = {[Online] Available: https://sass-lang.com/documentation/style-rules\#nesting},
}

@misc{SassParent,
    author={Catlin, Hampton and Weizenbaum, Natalie and Eppstein, Chris and Anne, Jina},
    title = {Sass: Parent Selector},
    year = {2018},
    note = {[Accessed: 26-April-2019]},
    howpublished = {[Online] Available: https://sass-lang.com/documentation/style-rules/parent-selector},
}

@INPROCEEDINGS{CSSPreproc, 
    author={D. {Mazinanian} and N. {Tsantalis}}, 
    booktitle={2016 IEEE 23rd International Conference on Software Analysis, Evolution, and Reengineering (SANER)}, 
    title={An Empirical Study on the Use of CSS Preprocessors}, 
    year={2016}, 
    volume={1}, 
    number={}, 
    pages={168-178}, 
    keywords={document handling;program processors;software maintenance;structured programming;cascading style sheets;structured documents;code reuse;structured programming;superset languages;CSS code automatic migration;CSS preprocessor language features;recommendation system refactoring;language usability;variables;nested selectors;mixins;extend constructs;CSS preprocessor code development;CSS preprocessor code maintenance;Cascading style sheets;Data preprocessing;Syntactics;Programming;Libraries;HTML;Color}, 
    doi={10.1109/SANER.2016.18}, 
    ISSN={}, 
    month={March},
}

@misc{BEM,
    author={Strukchinsky, Vsevolod and Stepanova, Varya and Starkov, Vladimir},
    title = {BEM},
    year = {2014},
    note = {[Accessed: 26-April-2019]},
    howpublished = {[Online] Available: http://getbem.com/},
}

@misc{BEMNaming,
    author={Strukchinsky, Vsevolod and Stepanova, Varya and Starkov, Vladimir},
    title = {BEM: Naming},
    year = {2014},
    note = {[Accessed: 26-April-2019]},
    howpublished = {[Online] Available: http://getbem.com/naming/},
}

@misc{Bootstrap,
    author={Otto, Mark and Thornton, Jacob and Rebert, Chris and Lauke, Patrick and Mazovetskiy, Gleb and Servoire, Johann and Galante, Andres and Cuppens, Martijn},
    title = {Bootstrap},
    year = {2018},
    note = {[Accessed: 26-April-2019]},
    howpublished = {[Online] Available: https://getbootstrap.com/},
}

@misc{BootstrapGrid,
    author={Otto, Mark and Thornton, Jacob and Rebert, Chris and Lauke, Patrick and Mazovetskiy, Gleb and Servoire, Johann and Galante, Andres and Cuppens, Martijn},
    title = {Bootstrap: Grid System},
    year = {2018},
    note = {[Accessed: 26-April-2019]},
    howpublished = {[Online] Available: https://getbootstrap.com/docs/4.0/layout/grid/},
}

@misc{BootstrapContainer,
    author={Otto, Mark and Thornton, Jacob and Rebert, Chris and Lauke, Patrick and Mazovetskiy, Gleb and Servoire, Johann and Galante, Andres and Cuppens, Martijn},
    title = {Bootstrap: Overview},
    year = {2018},
    note = {[Accessed: 26-April-2019]},
    howpublished = {[Online] Available: https://getbootstrap.com/docs/4.0/layout/overview/},
}

@misc{Unionize,
    author={Crockett, Tom}, 
    title = {Unionize},
    year = {2019},
    note = {[Accessed: 26-April-2019]},
    howpublished = {[Online] Available: https://github.com/pelotom/unionize},
}

@misc{Immer,
    author={Weststrate, Michel and Larson, Alec}, 
    title = {Immer},
    year = {2019},
    note = {[Accessed: 26-April-2019]},
    howpublished = {[Online] Available: https://github.com/immerjs/immer},
}

@misc{ReduxDevTools,
    author={Diordiev, Mihail}, 
    title = {Redux DevTools Extension},
    year = {2019},
    note = {[Accessed: 26-April-2019]},
    howpublished = {[Online] Available: https://github.com/zalmoxisus/redux-devtools-extension},
}

@misc{Karma,
    author={Jína, Vojta}, 
    title = {Karma},
    year = {2018},
    note = {[Accessed: 26-April-2019]},
    howpublished = {[Online] Available: https://github.com/karma-runner/karma},
}

@misc{Jasmine,
    author="{Pivotal Software, Inc.}", 
    title = {Jasmine},
    year = {2018},
    note = {[Accessed: 26-April-2019]},
    howpublished = {[Online] Available: https://github.com/jasmine/jasmine},
}

@misc{TestingMarbles,
    author="{Microsoft Co}",
    title={ReactiveX: Testing RxJS Code with Marble Diagrams},
    note = {[Accessed: 26-April-2019]},
    howpublished = {[Online] Available: https://github.com/ReactiveX/rxjs/blob/master/docs\_app/content/guide/testing/marble-testing.md},
}

@book{TDD,
  title={Test-driven development: by example},
  author={Beck, Kent},
  year={2003},
  publisher={Addison-Wesley Professional}
}

@misc{TestingMarblesSyntax,
    author="{Microsoft Co}",
    title={ReactiveX: Testing RxJS Code with Marble Diagrams: Marble Syntax},
    note = {[Accessed: 26-April-2019]},
    howpublished = {[Online] Available: https://github.com/ReactiveX/rxjs/blob/master/docs\_app/content/guide/testing/marble-testing.md\#marble-syntax},
}

@misc{TestingMarblesTime,
    author="{Microsoft Co}",
    title={Marble Syntax: Time progression syntax},
    note = {[Accessed: 26-April-2019]},
    howpublished = {[Online] Available: https://github.com/ReactiveX/rxjs/blob/master/docs\_app/content/guide/testing/marble-testing.md\#time-progression-syntax},
}

@misc{TestingMarblesExamples,
    author="{Microsoft Co}",
    title={Marble Syntax: Examples},
    note = {[Accessed: 26-April-2019]},
    howpublished = {[Online] Available: https://github.com/ReactiveX/rxjs/blob/master/docs\_app/content/guide/testing/marble-testing.md\#examples},
}

@misc{TestingMarblesSubscribe,
    author="{Microsoft Co}",
    title={ReactiveX: Testing RxJS Code with Marble Diagrams: Subscription Marbles},
    note = {[Accessed: 26-April-2019]},
    howpublished = {[Online] Available: https://github.com/ReactiveX/rxjs/blob/master/docs\_app/content/guide/testing/marble-testing.md\#subscription-marbles},
}

@misc{TestingMarblesSubExamples,
    author="{Microsoft Co}",
    title={Subscription Marbles: Examples},
    note = {[Accessed: 26-April-2019]},
    howpublished = {[Online] Available: https://github.com/ReactiveX/rxjs/blob/master/docs\_app/content/guide/testing/marble-testing.md\#examples-1},
}

@misc{KarmaMocha,
    author="{Litixsoft GmbH}", 
    title = {Karma-Mocha-Reporter},
    year = {2017},
    note = {[Accessed: 26-April-2019]},
    howpublished = {[Online] Available: https://github.com/litixsoft/karma-mocha-reporter},
}

@misc{KarmaJasmineHTML,
    author={Federman, David}, 
    title = {Karma-Jasmine-HTML-Reporter},
    year = {2018},
    note = {[Accessed: 26-April-2019]},
    howpublished = {[Online] Available: https://github.com/dfederm/karma-jasmine-html-reporter},
}

@ARTICLE{GivenWhenThen, 
    author={North, Dan}, 
    journal={Better Software}, 
    title={Behavior Modification}, 
    year={2006}, 
    volume={2006}, 
    number={3},
    month={March},
    note = {[Accessed: 26-April-2019]},
}
